@book{Adcock,
author = {Adcock, Ben and Hansen, Anders C},
file = {:C\:/Users/leblanco.OASIS/Documents/IngeCivilPHD/Literature/CI_And_Inverse_Problem/Compressive_Imaging/Book_Compressive_Imaging_Adcock_2021.pdf:pdf},
isbn = {9781108421614},
title = {{Compressive Imaging : Structure , Sampling , Learning}}
}

@article{Candes2021,
author = {Candes, E.},
file = {:C\:/Users/leblanco.OASIS/Documents/IngeCivilPHD/Literature/Others_Problems/MRI/Radon_transform_and_its_inverse-Lecture2021.pdf:pdf},
pages = {1--5},
title = {{Lecture: "Radon transform, the backprojection formula and the 
        inverse Radon transform"}},
year = {2021}
}

@article{Candes2008,
author = {Cand{\`{e}}s, Emmanuel J.},
doi = {10.1016/j.crma.2008.03.014},
file = {:C\:/Users/leblanco.OASIS/Documents/IngeCivilPHD/Literature/Signal_Processing-Sampling_Theory/Compressive_Sensing/The_Restricted_isometry_property_and_its_implications_for_compressed_sensing_2008.pdf:pdf},
issn = {1631073X},
journal = {Comptes Rendus Mathematique},
number = {9-10},
pages = {589--592},
title = {{The restricted isometry property and its implications for compressed sensing}},
volume = {346},
year = {2008}
}

@article{Chen2015,
archivePrefix = {arXiv},
arxivId = {1310.0807},
author = {Chen, Yuxin and Chi, Yuejie and Goldsmith, Andrea J.},
doi = {10.1109/TIT.2015.2429594},
eprint = {1310.0807},
file = {:C\:/Users/leblanco.OASIS/Documents/IngeCivilPHD/Literature/Signal_Processing-Sampling_Theory/Exact_and_stable_covariance_estimation_from_quadratic_sampling_via_convex_programming_2015.pdf:pdf},
issn = {00189448},
journal = {IEEE Transactions on Information Theory},
keywords = {Covariance sketching,Energy measurements,Low rank,Phase retrieval,Phase tomography, RIP-'2='1,Quadratic measurements,Rank-one measurements,Sparsity,Toeplitz},
number = {7},
pages = {4034--4059},
title = {{Exact and Stable Covariance Estimation From Quadratic Sampling via Convex Programming}},
volume = {61},
year = {2015}
}


